@inproceedings{BaruahBDMSS11,
  author    = {Sanjoy K. Baruah and
               Vincenzo Bonifaci and
               Gianlorenzo D'Angelo and
               Alberto Marchetti{-}Spaccamela and
               Suzanne van der Ster and
               Leen Stougie},
  title     = {Mixed-Criticality Scheduling of Sporadic Task Systems},
  booktitle = {Algorithms - {ESA} 2011 - 19th Annual European Symposium, Saarbr{\"{u}}cken,
               Germany, September 5-9, 2011. Proceedings},
  pages     = {555--566},
  year      = {2011},
  url       = {http://dx.doi.org/10.1007/978-3-642-23719-5_47},
  doi       = {10.1007/978-3-642-23719-5_47},
  timestamp = {Wed, 31 Aug 2011 21:01:58 +0200},
  biburl    = {http://dblp.uni-trier.de/rec/bib/conf/esa/BaruahBDMSS11},
  bibsource = {dblp computer science bibliography, http://dblp.org}
}

@misc{baruah2009mixed,
  title={Pré-publication : Mixed criticality schedulability analysis is highly intractable},
  author={Baruah, Sanjoy},
  url = {http://www.cs.unc.edu/%7Ebaruah/Submitted/02cxty.pdf},
  year={2009}
}

@inproceedings{baruah2010towards,
  title={Towards the design of certifiable mixed-criticality systems},
  author={Baruah, Sanjoy and Li, Haohan and Stougie, Leen},
  booktitle={Real-Time and Embedded Technology and Applications Symposium (RTAS)},
  pages={13--22},
  year={2010},
  organization={IEEE}
}

@inproceedings{de2009scheduling,
  title={On the scheduling of mixed-criticality real-time task sets},
  author={De Niz, Dionisio and Lakshmanan, Karthik and Rajkumar, Ragunathan},
  booktitle={Real-Time Systems Symposium, 2009},
  pages={291--300},
  year={2009},
  organization={IEEE}
}

@mastersthesis{santy2012ordonnancement,
  title={Ordonnancement temps r{\'e}el monoprocesseur de syst{\`e}mes {\`a} criticit{\'e} mixte},
  author={Santy, Fran{\c{c}}ois},
  year={2012},
  school={Université Libre de Bruxelles}
}

@incollection{bakerbrute,
  title={Brute-force determination of multiprocessor schedulability for sets of sporadic hard-deadline tasks},
  author={Baker, Theodore P and Cirinei, Michele},
  booktitle={Principles of Distributed Systems},
  pages={62--75},
  year={2007},
  publisher={Springer}
}

@article{geeraerts2013multiprocessor,
  title={Multiprocessor schedulability of arbitrary-deadline sporadic tasks: Complexity and antichain algorithm},
  author={Geeraerts, Gilles and Goossens, Jo{\"e}l and Lindstr{\"o}m, Markus},
  journal={Real-time systems},
  volume={49},
  number={2},
  pages={171--218},
  year={2013},
  publisher={Springer}
}

@phdthesis{goossens1999scheduling,
  title={Scheduling of hard real-time periodic systems with various kinds of deadline and offset constraints},
  author={Goossens, Jo{\"e}l},
  year={1999},
  school={Université Libre de Bruxelles}
}

@book{goossens2014os,
  title={INFO-F404, Operating Systems II},
  author={Goossens, Jo{\"e}l},
  year={2014},
  institution={Université Libre de Bruxelles},
  chapter={Uniprocessor real-time scheduling},
  publisher={Université Libre de Bruxelles}
}

@article{liu1973scheduling,
  title={Scheduling algorithms for multiprogramming in a hard-real-time environment},
  author={Liu, Chung Laung and Layland, James W},
  journal={Journal of the ACM (JACM)},
  volume={20},
  number={1},
  pages={46--61},
  year={1973},
  publisher={ACM}
}

@techreport{nordhoff2012do178, 
title = {DO-178c/ED-12C : the new software
standard for the avionic industry: goal, changes and challenges.},
year = {2012},
author={Nordhoff, Sven},
institution = {SQS Software Quality System},
page={6}
}

@article{barhorst2009research,
  title={A research agenda for mixed-criticality systems},
  author={Barhorst, James and Belote, Todd and Binns, Pam and Hoffman, Jon and Paunicka, James and Sarathy, Prakash and Scoredos, John and Stanfill, Peter and Stuart, Douglas and Urzi, Russell},
  journal={Cyber-Physical Systems Week},
  year={2009}
}

@inproceedings{vestal2007preemptive,
  title={Preemptive scheduling of multi-criticality systems with varying degrees of execution time assurance},
  author={Vestal, Steve},
  booktitle={Real-Time Systems Symposium, 2007.},
  pages={239--243},
  year={2007},
  organization={IEEE}
}

@book{baier2008principles,
  title={Principles of model checking},
  author={Baier, Christel and Katoen Joost-Pieter},
  year={2008},
  publisher={MIT press Cambridge},
  isbn={978-0-262-02649-9}
}

@incollection{leroux2011vector,
  title={Vector addition system reachability problem: a short self-contained proof},
  author={Leroux, J{\'e}r{\^o}me},
  booktitle={Language and Automata Theory and Applications},
  pages={41--64},
  year={2011},
  publisher={Springer}
}

@incollection{amadio2000reachability,
  title={On the reachability problem in cryptographic protocols},
  author={Amadio, Roberto M and Lugiez, Denis},
  booktitle={CONCUR 2000—Concurrency Theory},
  pages={380--394},
  year={2000},
  publisher={Springer}
}

@incollection{doyen2010antichain,
  title={Antichain algorithms for finite automata},
  author={Doyen, Laurent and Raskin, Jean-Fran{\c{c}}ois},
  booktitle={Tools and Algorithms for the Construction and Analysis of Systems},
  pages={2--22},
  year={2010},
  publisher={Springer}
}

@book{clarke1999model,
  title={Model checking},
  author={Clarke, Edmund M and Grumberg, Orna and Peled, Doron},
  year={1999},
  publisher={MIT press}
}

@article{ekberg2014bounding,
  title={Bounding and shaping the demand of generalized mixed-criticality sporadic task systems},
  author={Ekberg, Pontus and Yi, Wang},
  journal={Real-time systems},
  volume={50},
  number={1},
  pages={48--86},
  year={2014},
  publisher={Springer}
}

@book{audsley1991optimal,
  title={Optimal priority assignment and feasibility of static priority tasks with arbitrary start times},
  author={Audsley, Neil C},
  year={1991},
  publisher={Citeseer}
}

@inproceedings{li2010algorithm,
  title={An algorithm for scheduling certifiable mixed-criticality sporadic task systems},
  author={Li, Haohan and Baruah, Sanjoy},
  booktitle={Real-Time Systems Symposium (RTSS), 2010 IEEE 31st},
  pages={183--192},
  year={2010},
  organization={IEEE}
}

@article{buttazzo2005hard,
  title={Hard Real-Time Computing Systems: Predictable Scheduling Algorithms and Applications},
  author={Buttazzo, Giorgio C},
  journal={Real-Time Systems},
  year={2005},
  publisher={Boston, MA: Springer Science+ Business Media, Inc.}
}

@inproceedings{baruah2010mixed,
  title={Mixed-criticality Scheduling: Improved Resource-augmentation Results.},
  author={Baruah, Sanjoy K and Li, Haohan and Stougie, Leen}
}

@inproceedings{li2010load,
  title={Load-based schedulability analysis of certifiable mixed-criticality systems},
  author={Li, Haohan and Baruah, Sanjoy},
  booktitle={Proceedings of the tenth ACM international conference on Embedded software},
  pages={99--108},
  year={2010},
  organization={ACM}
}

@inproceedings{baruah2011response,
  title={Response-time analysis for mixed criticality systems},
  author={Baruah, Sanjoy K and Burns, Alan and Davis, Robert I},
  booktitle={Real-Time Systems Symposium (RTSS), 2011 IEEE 32nd},
  pages={34--43},
  year={2011},
  organization={IEEE}
}

@article{joseph1986finding,
  title={Finding response times in a real-time system},
  author={Joseph, Mathai and Pandya, Paritosh},
  journal={The Computer Journal},
  volume={29},
  number={5},
  pages={390--395},
  year={1986},
  publisher={Br Computer Soc}
}

@inproceedings{guan2011effective,
  title={Effective and efficient scheduling of certifiable mixed-criticality sporadic task systems},
  author={Guan, Nan and Ekberg, Pontus and Stigge, Martin and Yi, Wang},
  booktitle={Real-Time Systems Symposium (RTSS), 2011 IEEE 32nd},
  pages={13--23},
  year={2011},
  organization={IEEE}
}

@inproceedings{gu2013improving,
  title={Improving OCBP-based scheduling for mixed-criticality sporadic task systems},
  author={Gu, Chuancai and Guan, Nan and Deng, Qingxu and Yi, Wang},
  booktitle={Embedded and Real-Time Computing Systems and Applications (RTCSA), 2013 IEEE 19th International Conference on},
  pages={247--256},
  year={2013},
  organization={IEEE}
}

@inproceedings{baruah1990preemptively,
  title={Preemptively scheduling hard-real-time sporadic tasks on one processor},
  author={Baruah, Sanjoy K and Mok, Aloysius K and Rosier, Louis E},
  booktitle={Real-Time Systems Symposium, 1990. Proceedings., 11th},
  pages={182--190},
  year={1990},
  organization={IEEE}
}

@inproceedings{ekberg2012outstanding,
  title={Outstanding paper award: Bounding and shaping the demand of mixed-criticality sporadic tasks},
  author={Ekberg, Pontus and Yi, Wang},
  booktitle={Real-Time Systems (ECRTS), 2012 24th Euromicro Conference on},
  pages={135--144},
  year={2012},
  organization={IEEE}
}

@TECHREPORT{Baker05algorithmsfor,
    author = {Theodore P. Baker},
    title = {Algorithms for determining the load of a sporadic task system},
    institution = {},
    year = {2005}
}